<record><leader>00000cas a22000007a 4500</leader><controlfield tag="001">10535399</controlfield><controlfield tag="008">840319d18591860oruwr ne      0    0eng d</controlfield><datafield ind1=" " ind2=" " tag="010"><subfield code="a">sn 84022678 </subfield></datafield><datafield ind1=" " ind2=" " tag="040"><subfield code="a">NPX</subfield><subfield code="b">eng</subfield><subfield code="c">NPX</subfield><subfield code="d">OCLCQ</subfield></datafield><datafield ind1=" " ind2=" " tag="042"><subfield code="a">msc</subfield></datafield><datafield ind1=" " ind2=" " tag="043"><subfield code="a">n-us-or</subfield></datafield><datafield ind1="0" ind2="0" tag="245"><subfield code="a">Roseburg express.</subfield></datafield><datafield ind1=" " ind2=" " tag="260"><subfield code="a">Roseburg, Or. :</subfield><subfield code="b">L.E.V. Coon &amp; Co.</subfield></datafield><datafield ind1=" " ind2=" " tag="300"><subfield code="a">v. ;</subfield><subfield code="c">52 cm.</subfield></datafield><datafield ind1=" " ind2=" " tag="310"><subfield code="a">Weekly</subfield></datafield><datafield ind1="1" ind2=" " tag="362"><subfield code="a">Began with Nov. 17, 1859 issue.</subfield><subfield code="z">Cf. Gregory, W. Amer. newspapers.</subfield></datafield><datafield ind1="1" ind2=" " tag="362"><subfield code="a">Ceased in 1860.</subfield><subfield code="z">Cf. Belknap, G.N. Oregon imprints, 1845-1870.</subfield></datafield><datafield ind1=" " ind2=" " tag="500"><subfield code="a">Editor: L.E.V. Coon, &lt;1859&gt;.</subfield></datafield><datafield ind1=" " ind2=" " tag="500"><subfield code="a">"Democratic." Cf. Woodward, W.C. "Rise and early hist. of political parties in Or." Quarterly of the Or. Historical Society 12(1911): 33-86, 123-163, 225-263, 301-350.</subfield></datafield><datafield ind1=" " ind2=" " tag="588"><subfield code="a">Description based on: Vol. 1, no. 6 (Dec. 22, 1859).</subfield></datafield><datafield ind1="1" ind2=" " tag="700"><subfield code="a">Coon, L. E. V.</subfield></datafield><datafield ind1=" " ind2=" " tag="752"><subfield code="a">United States</subfield><subfield code="b">Oregon</subfield><subfield code="c">Douglas</subfield><subfield code="d">Roseburg.</subfield></datafield><datafield ind1="1" ind2=" " tag="029"><subfield code="a">AU@</subfield><subfield code="b">000025817684</subfield></datafield></record>